<?xml version="1.0" encoding="UTF-8"?><collection xmlns="http://www.loc.gov/MARC21/slim"><record><leader>00700nam--2200205-u-4500</leader><controlfield tag="001">000053423</controlfield><controlfield tag="002">20161230</controlfield><controlfield tag="005">20161230201051</controlfield><controlfield tag="008">110404s1000------------r-----000-0-eng-d</controlfield><datafield ind1=" " ind2=" " tag="020"><subfield code="a">0750303948</subfield></datafield><datafield ind1=" " ind2=" " tag="040"><subfield code="a">IFIN-HH</subfield></datafield><datafield ind1=" " ind2=" " tag="080"><subfield code="a">530.145:539.182</subfield></datafield><datafield ind1="1" ind2=" " tag="100"><subfield code="a">Mann, A</subfield></datafield><datafield ind1="1" ind2="0" tag="245"><subfield code="a">The dilemma of einstein, podolsky and rosen - 60 years later</subfield><subfield code="b">An international symposium in honour of nathan rosen - haifa, march 1995</subfield><subfield code="c">A mann; m. revzen</subfield></datafield><datafield ind1=" " ind2=" " tag="260"><subfield code="a">Bristol, Jerusalem</subfield><subfield code="b">Institute Of Publishing; The Israel Physical Society</subfield><subfield code="c">1996</subfield></datafield><datafield ind1=" " ind2=" " tag="300"><subfield code="a">314P</subfield></datafield><datafield ind1=" " ind2=" " tag="490"><subfield code="a">Annals Of The Israel Physical Society</subfield><subfield code="v">Vol. 12</subfield></datafield><datafield ind1="1" ind2=" " tag="700"><subfield code="a">Revzen, M</subfield></datafield><datafield ind1=" " ind2=" " tag="852"><subfield code="a">81492</subfield><subfield code="c">530.145</subfield></datafield><datafield ind1=" " ind2=" " tag="CAT"><subfield code="a">Sys</subfield><subfield code="c">20110404</subfield><subfield code="h">101855</subfield></datafield></record></collection>